<record><leader>00000cas a22000007a 4500</leader><controlfield tag="001">47735515</controlfield><controlfield tag="008">010808d19921993sduwr ne      0    0eng d</controlfield><datafield ind1=" " ind2=" " tag="010"><subfield code="a">sn2001063586</subfield></datafield><datafield ind1=" " ind2=" " tag="040"><subfield code="a">SXN</subfield><subfield code="b">eng</subfield><subfield code="c">SXN</subfield><subfield code="d">OCLCF</subfield><subfield code="d">OCLCO</subfield></datafield><datafield ind1="1" ind2=" " tag="029"><subfield code="a">AU@</subfield><subfield code="b">000022915045</subfield></datafield><datafield ind1=" " ind2=" " tag="042"><subfield code="a">msc</subfield></datafield><datafield ind1=" " ind2=" " tag="043"><subfield code="a">n-us-sd</subfield></datafield><datafield ind1="0" ind2=" " tag="130"><subfield code="a">Groton regional independent (Groton, S.D. : Northern ed.)</subfield></datafield><datafield ind1="0" ind2="0" tag="245"><subfield code="a">Groton regional independent.</subfield></datafield><datafield ind1=" " ind2=" " tag="260"><subfield code="a">Groton, S.D. :</subfield><subfield code="b">Next Generation Publications, Inc.,</subfield></datafield><datafield ind1=" " ind2=" " tag="300"><subfield code="a">v.</subfield></datafield><datafield ind1=" " ind2=" " tag="310"><subfield code="a">Weekly</subfield></datafield><datafield ind1="0" ind2=" " tag="362"><subfield code="a">Vol. 112, no. 19 (May 16, 1992)-v. 113, no. 23 (June 4, 1993).</subfield></datafield><datafield ind1=" " ind2=" " tag="530"><subfield code="a">Available on microfilm from: State Archives, South Dakota State Historical Society.</subfield></datafield><datafield ind1=" " ind2="0" tag="651"><subfield code="a">Groton (S.D.)</subfield><subfield code="v">Newspapers.</subfield></datafield><datafield ind1=" " ind2="0" tag="651"><subfield code="a">Brown County (S.D.)</subfield><subfield code="v">Newspapers.</subfield></datafield><datafield ind1=" " ind2="7" tag="655"><subfield code="a">Newspapers.</subfield><subfield code="2">fast</subfield><subfield code="0">(OCoLC)fst01423814</subfield></datafield><datafield ind1=" " ind2="7" tag="651"><subfield code="a">South Dakota</subfield><subfield code="z">Brown County.</subfield><subfield code="2">fast</subfield><subfield code="0">(OCoLC)fst01212831</subfield></datafield><datafield ind1=" " ind2="7" tag="651"><subfield code="a">South Dakota</subfield><subfield code="z">Groton.</subfield><subfield code="2">fast</subfield><subfield code="0">(OCoLC)fst01278083</subfield></datafield><datafield ind1=" " ind2=" " tag="752"><subfield code="a">United States</subfield><subfield code="b">South Dakota</subfield><subfield code="c">Brown</subfield><subfield code="d">Groton.</subfield></datafield><datafield ind1="0" ind2=" " tag="775"><subfield code="t">Groton regional independent (Groton, S.D. : Groton ed.)</subfield><subfield code="w">(DLC)sn 200163587</subfield></datafield><datafield ind1="0" ind2=" " tag="775"><subfield code="t">Groton regional independent (Groton, S.D. : both eds.)</subfield><subfield code="w">(DLC)sn 200163588</subfield></datafield><datafield ind1="0" ind2="4" tag="785"><subfield code="t">Groton regional independent</subfield><subfield code="w">(DLC)sn 200163585</subfield></datafield></record>